% Encoding: UTF-8

@Book{fujiwara2009spectroscopic,
  title    = {Spectroscopic ellipsometry : principles and applications},
  year     = {2009},
  author   = {Fujiwara, Hiroyuki},
  address  = {Chichester},
  edition  = {Printed with corrections},
  isbn     = {0470016086},
  hdsurl   = {http://hds.hebis.de/ubks/Record/HEB400572877},
  uniqueid = {HEB400572877},
  url      = {http://bvbr.bib-bvb.de:8991/F?func=service&doc_library=BVB01&local_base=BVB01&doc_number=024667125&sequence=000002&line_number=0001&func_code=DB_RECORDS&service_type=MEDIA},
}

@Comment{jabref-meta: databaseType:bibtex;}
